@article{sumbul2019, 
  author    = {Gencer Sumbul and
               Marcela Charfuelan and
               Beg{\"{u}}m Demir and
               Volker Markl},
  title     = {BigEarthNet: {A} Large-Scale Benchmark Archive For Remote Sensing
               Image Understanding},
  journal   = {CoRR},
  volume    = {abs/1902.06148},
  year      = {2019},
  url       = {http://arxiv.org/abs/1902.06148},
  archivePrefix = {arXiv},
  eprint    = {1902.06148},
  timestamp = {Tue, 21 May 2019 18:03:36 +0200},
  biburl    = {https://dblp.org/rec/bib/journals/corr/abs-1902-06148},
  bibsource = {dblp computer science bibliography, https://dblp.org}
}
@article{helber2017,
	author    = {Patrick Helber and
	Benjamin Bischke and
	Andreas Dengel and
	Damian Borth},
	title     = {EuroSAT: {A} Novel Dataset and Deep Learning Benchmark for Land Use
	and Land Cover Classification},
	journal   = {CoRR},
	volume    = {abs/1709.00029},
	year      = {2017},
	url       = {http://arxiv.org/abs/1709.00029},
	archivePrefix = {arXiv},
	eprint    = {1709.00029},
	timestamp = {Mon, 13 Aug 2018 16:47:15 +0200},
	biburl    = {https://dblp.org/rec/bib/journals/corr/abs-1709-00029},
	bibsource = {dblp computer science bibliography, https://dblp.org}
}
@inproceedings{yang2010,
	author = {Yang, Yi and Newsam, Shawn},
	year = {2010},
	month = {01},
	pages = {270-279},
	title = {Bag-of-visual-words and spatial extensions for land-use classification},
	doi = {10.1145/1869790.1869829}
}
@article{basu2015,
	author    = {Saikat Basu and
	Sangram Ganguly and
	Supratik Mukhopadhyay and
	Robert DiBiano and
	Manohar Karki and
	Ramakrishna R. Nemani},
	title     = {DeepSat - {A} Learning framework for Satellite Imagery},
	journal   = {CoRR},
	volume    = {abs/1509.03602},
	year      = {2015},
	url       = {http://arxiv.org/abs/1509.03602},
	archivePrefix = {arXiv},
	eprint    = {1509.03602},
	timestamp = {Mon, 13 Aug 2018 16:48:29 +0200},
	biburl    = {https://dblp.org/rec/bib/journals/corr/BasuGMDKN15},
	bibsource = {dblp computer science bibliography, https://dblp.org}
}
@article{xia2016,
	author    = {Gui{-}Song Xia and
	Jingwen Hu and
	Fan Hu and
	Baoguang Shi and
	Xiang Bai and
	Yanfei Zhong and
	Liangpei Zhang},
	title     = {{AID:} {A} Benchmark Dataset for Performance Evaluation of Aerial
	Scene Classification},
	journal   = {CoRR},
	volume    = {abs/1608.05167},
	year      = {2016},
	url       = {http://arxiv.org/abs/1608.05167},
	archivePrefix = {arXiv},
	eprint    = {1608.05167},
	timestamp = {Mon, 13 Aug 2018 16:47:24 +0200},
	biburl    = {https://dblp.org/rec/bib/journals/corr/XiaHHSBZZ16},
	bibsource = {dblp computer science bibliography, https://dblp.org}
}

@article{zhou2017,
	author    = {Weixun Zhou and
	Shawn D. Newsam and
	Congmin Li and
	Zhenfeng Shao},
	title     = {PatternNet: {A} Benchmark Dataset for Performance Evaluation of Remote
	Sensing Image Retrieval},
	journal   = {CoRR},
	volume    = {abs/1706.03424},
	year      = {2017},
	url       = {http://arxiv.org/abs/1706.03424},
	archivePrefix = {arXiv},
	eprint    = {1706.03424},
	timestamp = {Mon, 13 Aug 2018 16:47:58 +0200},
	biburl    = {https://dblp.org/rec/bib/journals/corr/ZhouNLS17},
	bibsource = {dblp computer science bibliography, https://dblp.org}
}

@article{duchon1979,
	author    = {Claude E. Duchon},
	title     = {Lanczos Filtering in One and Two Dimensions},
	journal   = {Journal of Applied Meteorology},
	volume    = {18, 1016-1022},
	year      = {1979},
	url       = {https://icess.eri.ucsb.edu/gem/Duchon_1979_JAM_Lanczos.pdf}
}

@misc{gmaps_res_per_m,
	title = {Google Maps: Zoom to meters},
	howpublished = {https://groups.google.com/forum/#!topic/google-maps-js-api-v3/hDRO4oHVSeM}, 
	note = {accessed 17.06.2019}
}